@unpublished{helfand2013,
    author = "Nora Helfand",
    title  = "Poly'a Urn and the Beta Bernoulli Process",
    year   = "2013"
}

@article{lamport1982,
    author  = "Leslie Lamport and Robert Shostak and Marshall Pease",
    title   = "The Byzantine Generals Problem",
    journal = "ACM Transactions on Programming Languages and Systems",
    year    = "1982",
    volume  = "4"
}

@article{pemantle1990,
    author  = "Robin Pemantle",
    title   = "A Time-Dependent Version of Polya's Urn",
    journal = "Journal of Theoretical Probability",
    year    = "1990",
    volume  = "3",
    pages   = "627 - 637"
}

@ONLINE {Snider,
    author = "Scott Snider",
    title  = "What is the average annual return for the S\&P 500?",
    url    = "https://www.investopedia.com/ask/answers/042415/what-average-annual-return-sp-500.asp"
}

@ONLINE {Buterin,
    author = "Vitalik Buterin and Virgil Griffith",
    title  = "Casper the Friendly Finality Gadget",
    year   = "2017",
    url    = "https://arxiv.org/pdf/1710.09437.pdf"
}

@ONLINE {buterin17,
    author = "Vitalik Buterin",
    title  = "Parametrizing Casper: the decentralization/finality time/overhead tradeoff",
    month  = "jan",
    year   = "2017",
    url    = "https://medium.com/@VitalikButerin/parametrizing-casper-the-decentralization-finality-time-overhead-tradeoff-3f2011672735"
}

@ONLINE {EthPoSFAQ,
    author = "EthereumFoundation",
    title = "Proof of Stake FAQ",
    year  = "2017",
    url   = "https://github.com/ethereum/wiki/wiki/Proof-of-Stake-FAQ"
}

@ONLINE {nakamoto2008,
    author = "Satoshi Nakamoto",
    title  = "Bitcoin: A Peer-to-Peer Electronic Cash System",
    year   = "2008",
    url    = "https://bitcoin.org/bitcoin.pdf"
}

@ARTICLE {sharpe1964,
    author  = "William F. Sharpe",
    title   = "Capital Asset Prices: A Theory of Market Equilibrium under Conditions of Risk",
    journal = "The Journal of Finance",
    year    = "1964",
    volume  = "19",
    number  = "3",
    pages   = "425 - 442",
    month   = "sep"
}

@ONLINE {BitcoinFAQ,
    author = "BTCCore",
    title = "Bitcoin FAQ",
    url   = "https://bitcoin.org/en/faq#what-are-the-advantages-of-bitcoin"
}

@ONLINE {Buterin2016,
    author = "Vitalik Buterin",
    title  = "A Proof of Stake Design Philosophy",
    year   = "2016",
    url    = "https://medium.com/@VitalikButerin/a-proof-of-stake-design-philosophy-506585978d51"
}

@ONLINE {Schmidheiny16,
    author = "Kurt Schmidheiny",
    title  = "Monte Carlo Experiments",
    year   = "2016",
    url    = "https://www.schmidheiny.name/teaching/montecarlo2up.pdf"
}

@ONLINE {Kwon2016,
    author  = "Jae Kwon, Ethan Buchman",
    title   = "Cosmos:  A Network of Distributed Ledgers",
    journal = "Cosmos Whitepaper",
    year    = "2016",
    url    = "https://cosmos.network/whitepaper"
}

@ONLINE {Blackwell1973,
    author  = "Blackwell, David",
    title   = "Ferguson distributions via Polya urn schemes",
    year    = "1973",
    url    = "https://projecteuclid.org/euclid.aos/1176342372"
}

@ONLINE {Pollyanna2014,
    author = "Pollyanna",
    title  = "Polya Urn",
    url    = "http://dornsife.usc.edu/assets/sites/406/docs/505b/polya.urn.pdf"
}

@ONLINE {Brewer,
    author = "Seth Gilbert and Nancy Lynch",
    title  = "Brewerâ€™s Conjecture and the Feasibility of
Consistent, Available, Partition-Tolerant Web
Services",
    year = "2002",
    url    = "https://www.glassbeam.com/sites/all/themes/glassbeam/images/blog/10.1.1.67.6951.pdf"
}


@ONLINE {Bitcoin.org, 
    author = "Bitcoin",
    title = "Hard Fork, Hard-Forking Change",
    url = "https://bitcoin.org/en/glossary/hard-fork"
}